@article{hsieh2011development,
  author    = {Hsieh, Ming-Feng and Wang, Junmin},
  journal   = {Control Engineering Practice},
  number    = {4},
  pages     = {409--422},
  publisher = {Elsevier},
  title     = {Development and experimental studies of a control-oriented SCR model for a two-catalyst urea-SCR system},
  volume    = {19},
  year      = {2011}
}


@article{yuan2015diesel,
  author    = {Yuan, Xinmei and Liu, Hongqi and Gao, Ying},
  journal   = {Emission Control Science and Technology},
  pages     = {121--133},
  publisher = {Springer},
  title     = {Diesel engine SCR control: current development and future challenges},
  volume    = {1},
  year      = {2015}
}


@article{jain2023diagnostics,
  author  = {Jain, Kaushal Kamal and Meckl, Peter and Chen, Pingen and Yang, Kuo},
  journal = {International Journal of Prognostics and Health Management},
  number  = {3},
  title   = {Diagnostics-oriented Model for Automotive SCR-ASC},
  volume  = {14},
  year    = {2023}
}

@article{ma2017observer,
  author    = {Ma, Yao and Wang, Junmin},
  journal   = {Journal of Dynamic Systems, Measurement, and Control},
  number    = {2},
  pages     = {021002},
  publisher = {American Society of Mechanical Engineers},
  title     = {Observer-based estimation of aging condition for selective catalytic reduction systems in vehicle applications},
  volume    = {139},
  year      = {2017}
}


@inproceedings{jain2020term,
  author       = {Jain, Kaushal K and Hiremath, Jagdish R and Meckl, Peter H},
  booktitle    = {2020 American Control Conference (ACC)},
  organization = {IEEE},
  pages        = {4899--4904},
  title        = {Term-by-term observer design method to estimate NH 3 storage in SCR catalyst},
  year         = {2020}
}


@book{nova2014urea,
  author    = {Hsieh, Ming-Feng and Wang, Junmin},
  publisher = {Springer},
  title     = {Urea-SCR technology for deNOx after treatment of diesel exhaust, Chapter-14: Diesel Engine SCR Systems: Modelling, Measurements, and Control},
  volume    = {5},
  year      = {2014}
}


@techreport{devarakonda2008adequacy,
  author      = {Devarakonda, Maruthi and Parker, Gordon and Johnson, John H and Strots, Vadim and Santhanam, Shyam},
  institution = {SAE Technical Paper},
  title       = {Adequacy of reduced order models for model-based control in a urea-SCR aftertreatment system},
  year        = {2008}
}

@article{devarakonda2009model,
  author    = {Devarakonda, Maruthi and Parker, Gordon and Johnson, John H and Strots, Vadim and Santhanam, Shyam},
  journal   = {SAE International Journal of Fuels and Lubricants},
  number    = {1},
  pages     = {646--661},
  publisher = {JSTOR},
  title     = {Model-based estimation and control system development in a urea-SCR aftertreatment system},
  volume    = {1},
  year      = {2009}
}


@misc{chem_kine,
  author       = {LibreTexts, Chemistry},
  howpublished = {\url{https://chem.libretexts.org/Bookshelves/Physical_and_Theoretical_Chemistry_Textbook_Maps/Supplemental_Modules_(Physical_and_Theoretical_Chemistry)/Kinetics/02%3A_Reaction_Rates/2.05%3A_Reaction_Rate}},
}


@misc{eley_rideal,
  author       = {Wikipedia: Eleyâ€“Rideal mechanism },
  howpublished = {\url{https://en.wikipedia.org/wiki/Reactions_on_surfaces#Eley%E2%80%93Rideal_mechanism}},
}

@misc{langmuir,
  author       = {Wikipedia: Langmuir adsorption model},
  howpublished = {\url{https://en.wikipedia.org/wiki/Langmuir_adsorption_model}},
}

@article{prins2018eley,
  author    = {Prins, Roel},
  journal   = {Topics in Catalysis},
  number    = {9},
  pages     = {714--721},
  publisher = {Springer},
  title     = {Eley--Rideal, the other mechanism},
  volume    = {61},
  year      = {2018}
}



@article{ciardelli2004scr,
  author    = {Ciardelli, Cristian and Nova, Isabella and Tronconi, Enrico and Konrad, Brigitte and Chatterjee, Daniel and Ecke, Karlheinz and Weibel, Michel},
  journal   = {Chemical Engineering Science},
  number    = {22-23},
  pages     = {5301--5309},
  publisher = {Elsevier},
  title     = {SCR-DeNOx for diesel engine exhaust aftertreatment: unsteady-state kinetic study and monolith reactor modelling},
  volume    = {59},
  year      = {2004}
}


@techreport{willems2007closed,
  author      = {Willems, Frank and Cloudt, Robert and Van Den Eijnden, Edwin and Van Genderen, Marcel and Verbeek, Ruud and De Jager, Bram and Boomsma, Wiebe and Van Den Heuvel, Ignace},
  institution = {SAE Technical Paper},
  title       = {Is closed-loop SCR control required to meet future emission targets?},
  year        = {2007}
}


@article{schmieg2012thermal,
  author    = {Schmieg, Steven J and Oh, Se H and Kim, Chang H and Brown, David B and Lee, Jong H and Peden, Charles HF and Kim, Do Heui},
  journal   = {Catalysis Today},
  number    = {1},
  pages     = {252--261},
  publisher = {Elsevier},
  title     = {Thermal durability of Cu-CHA NH3-SCR catalysts for diesel NOx reduction},
  volume    = {184},
  year      = {2012}
}

@techreport{joo2008study,
  author      = {Joo, Kihyung and Jo, Ji-Ho and Kim, ChangDae and Lee, Jin-ha and Kim, Hong-jip},
  institution = {SAE Technical Paper},
  title       = {The study of NOx reduction using urea-SCR system with CPF and DOC for light duty vehicle; the diesel NOx reduction system},
  year        = {2008}
}


@article{barata2012moore,
  author    = {Barata, Jo{\~a}o Carlos Alves and Hussein, Mahir Saleh},
  journal   = {Brazilian Journal of Physics},
  pages     = {146--165},
  publisher = {Springer},
  title     = {The Moore--Penrose pseudoinverse: A tutorial review of the theory},
  volume    = {42},
  year      = {2012}
}


@article{charla2024reduced,
  author    = {Charla, Sesha and Meckl, Peter H and Yao, Bin},
  journal   = {IFAC-PapersOnLine},
  number    = {28},
  pages     = {168--173},
  publisher = {Elsevier},
  title     = {Reduced Order Linear Modelling and Identification for Diesel Engine SCR-ASC System Diagnostics},
  volume    = {58},
  year      = {2024}
}

@article{zhang2015nox,
  author    = {Zhang, Hui and Wang, Junmin},
  journal   = {Journal of Dynamic Systems, Measurement, and Control},
  number    = {6},
  pages     = {061015},
  publisher = {American Society of Mechanical Engineers},
  title     = {NOx sensor ammonia-cross-sensitivity factor estimation in diesel engine selective catalytic reduction systems},
  volume    = {137},
  year      = {2015}
}


@techreport{schar2004control,
  author      = {Sch{\"a}r, Christoph Michael and Onder, Christopher H and Geering, HP and Elsener, M},
  institution = {SAE Technical Paper},
  title       = {Control-oriented model of an SCR catalytic converter system},
  year        = {2004}
}
